<?xml version = "1.0" encoding = "UTF-8"?><OAI-PMH xmlns="http://www.openarchives.org/OAI/2.0/" xmlns:xsi="http://www.w3.org/2001/XMLSchema-instance" xsi:schemaLocation="http://www.openarchives.org/OAI/2.0/ http://www.openarchives.org/OAI/2.0/OAI-PMH.xsd"><ListRecords><record><header><identifier>aleph-publish:020418630</identifier></header><metadata><record xmlns="http://www.ddb.de/professionell/mabxml/mabxml-1.xsd"><leader>00000nM2.01200024------h</leader><controlfield tag="LDR">00000nM2.01200024------h</controlfield><controlfield tag="FMT">MH</controlfield><datafield tag="001" ind1="-" ind2="1"><subfield code="a">HT018290299</subfield></datafield><datafield tag="002" ind1="b" ind2="1"><subfield code="a">20140610</subfield></datafield><datafield tag="003" ind1="-" ind2="1"><subfield code="a">20210409085941.0</subfield></datafield><datafield tag="020" ind1="a" ind2="1"><subfield code="a">1051451574</subfield><subfield code="b">DNB</subfield></datafield><datafield tag="025" ind1="o" ind2="1"><subfield code="a">1075632858</subfield></datafield><datafield tag="025" ind1="a" ind2="1"><subfield code="a">1051451574</subfield></datafield><datafield tag="026" ind1="-" ind2="1"><subfield code="a">DNB1051451574</subfield></datafield><controlfield tag="030">a||da||||||37</controlfield><datafield tag="036" ind1="a" ind2="1"><subfield code="a">XA-DE-NW</subfield></datafield><datafield tag="037" ind1="b" ind2="1"><subfield code="a">ger</subfield></datafield><controlfield tag="050">a|a|||||||||||</controlfield><controlfield tag="051">s|||||||</controlfield><datafield tag="070" ind1="-" ind2="1"><subfield code="a">6</subfield></datafield><datafield tag="070" ind1="a" ind2="1"><subfield code="a">DNB</subfield></datafield><datafield tag="070" ind1="b" ind2="1"><subfield code="a">38</subfield></datafield><datafield tag="078" ind1="n" ind2="1"><subfield code="a">NWBib-6</subfield></datafield><datafield tag="080" ind1="-" ind2="1"><subfield code="a">60</subfield></datafield><datafield tag="100" ind1="b" ind2="1"><subfield code="p">Lehndorff-Felsko, Angelika</subfield></datafield><datafield tag="331" ind1="-" ind2="1"><subfield code="a">&quot;Uns verschleppten sie nach Köln ...&quot;</subfield></datafield><datafield tag="335" ind1="-" ind2="1"><subfield code="a">Auszüge aus 500 Interviews mit ehemaligen Zwangsarbeiterinnen und Zwangsarbeitern</subfield></datafield><datafield tag="359" ind1="-" ind2="1"><subfield code="a">Angelika Lehndorff-Felsko</subfield></datafield><datafield tag="410" ind1="-" ind2="1"><subfield code="a">Köln</subfield></datafield><datafield tag="412" ind1="-" ind2="1"><subfield code="a">Emons</subfield></datafield><datafield tag="425" ind1="-" ind2="1"><subfield code="a">2014</subfield></datafield><datafield tag="425" ind1="a" ind2="1"><subfield code="a">2014</subfield></datafield><datafield tag="433" ind1="-" ind2="1"><subfield code="a">544 S. : Ill.</subfield></datafield><datafield tag="451" ind1="-" ind2="1"><subfield code="a">Schriftenreihe des NS-Dokumentationszentrums der Stadt Köln ; 19</subfield></datafield><datafield tag="453" ind1="-" ind2="1"><subfield code="a">HT006514951</subfield></datafield><datafield tag="455" ind1="-" ind2="1"><subfield code="a">19</subfield></datafield><datafield tag="456" ind1="-" ind2="1"><subfield code="a">19</subfield></datafield><datafield tag="461" ind1="-" ind2="1"><subfield code="a">Biografien &amp; Materialien / NSDOK; NS-Dokumentationszentrum der Stadt Köln; 2</subfield></datafield><datafield tag="463" ind1="-" ind2="1"><subfield code="a">HT017500108</subfield></datafield><datafield tag="465" ind1="-" ind2="1"><subfield code="a">2</subfield></datafield><datafield tag="466" ind1="-" ind2="1"><subfield code="a">2</subfield></datafield><datafield tag="540" ind1="a" ind2="1"><subfield code="a">978-3-95451-367-3</subfield><subfield code="b">Gb. : EUR 34.95 (DE), EUR 35.40 (AT), sfr 46.90 (freier Pr.)</subfield></datafield><datafield tag="574" ind1="-" ind2="1"><subfield code="a">14,N23</subfield></datafield><datafield tag="655" ind1="e" ind2="1"><subfield code="m">X:MVB</subfield><subfield code="q">text/html</subfield><subfield code="u">http://deposit.d-nb.de/cgi-bin/dokserv?id=4675728&amp;prov=M&amp;dok_var=1&amp;dok_ext=htm</subfield><subfield code="3">Inhaltstext</subfield><subfield code="A">2</subfield></datafield><datafield tag="655" ind1="e" ind2="1"><subfield code="m">B:DE-101</subfield><subfield code="q">application/pdf</subfield><subfield code="u">http://digitale-objekte.hbz-nrw.de/storage2/2015/06/06/file_12/6261756.pdf</subfield><subfield code="3">Inhaltsverzeichnis</subfield><subfield code="A">2</subfield></datafield><datafield tag="700" ind1="-" ind2="1"><subfield code="a">943</subfield><subfield code="2">DNB</subfield></datafield><datafield tag="700" ind1="n" ind2="1"><subfield code="a">Köln</subfield><subfield code="0">https://nwbib.de/spatial#Q365</subfield></datafield><datafield tag="700" ind1="n" ind2="1"><subfield code="a">Geschichte</subfield><subfield code="0">https://nwbib.de/subjects#N240000</subfield></datafield><datafield tag="902" ind1="-" ind2="1"><subfield code="g">Köln</subfield><subfield code="9">(DE-588)4031483-2</subfield></datafield><datafield tag="902" ind1="-" ind2="1"><subfield code="s">Zwangsarbeit</subfield><subfield code="9">(DE-588)4139439-2</subfield></datafield><datafield tag="902" ind1="-" ind2="1"><subfield code="s">Arbeitsbedingungen</subfield><subfield code="9">(DE-588)4002641-3</subfield></datafield><datafield tag="902" ind1="-" ind2="1"><subfield code="z">Geschichte</subfield></datafield><controlfield tag="SYS">020418630</controlfield><datafield tag="LOW" ind1="-" ind2="1"><subfield code="a">K0001</subfield></datafield><datafield tag="LOW" ind1="-" ind2="1"><subfield code="a">Q1107</subfield></datafield><datafield tag="LOW" ind1="-" ind2="1"><subfield code="a">Q0001</subfield></datafield><datafield tag="LOW" ind1="-" ind2="1"><subfield code="a">Z9035</subfield></datafield><datafield tag="952" ind1="-" ind2="1"><subfield code="g">Keln</subfield></datafield><datafield tag="952" ind1="-" ind2="1"><subfield code="g">Keulen</subfield></datafield><datafield tag="952" ind1="-" ind2="1"><subfield code="g">Cölln</subfield><subfield code="h">Köln</subfield></datafield><datafield tag="952" ind1="-" ind2="1"><subfield code="g">Groß-Köln</subfield></datafield><datafield tag="952" ind1="-" ind2="1"><subfield code="g">Kūlūniyā</subfield></datafield><datafield tag="952" ind1="-" ind2="1"><subfield code="g">Kerun</subfield></datafield><datafield tag="952" ind1="-" ind2="1"><subfield code="g">Oppidum Ubiorum</subfield></datafield><datafield tag="952" ind1="-" ind2="1"><subfield code="g">Ara Ubiorum</subfield></datafield><datafield tag="952" ind1="-" ind2="1"><subfield code="g">Colonia Claudia Ara Agrippinensium</subfield></datafield><datafield tag="952" ind1="-" ind2="1"><subfield code="g">CCAA</subfield></datafield><datafield tag="952" ind1="-" ind2="1"><subfield code="g">Colonia Agrippina</subfield></datafield><datafield tag="952" ind1="-" ind2="1"><subfield code="g">Colonia Agrippinensis</subfield></datafield><datafield tag="952" ind1="-" ind2="1"><subfield code="g">Colonia</subfield><subfield code="h">Köln</subfield></datafield><datafield tag="952" ind1="-" ind2="1"><subfield code="g">Colonia Ubiorum</subfield></datafield><datafield tag="952" ind1="-" ind2="1"><subfield code="g">Kölln am Rheine</subfield></datafield><datafield tag="952" ind1="-" ind2="1"><subfield code="g">Stadt Köln</subfield></datafield><datafield tag="952" ind1="-" ind2="1"><subfield code="g">Cöln</subfield></datafield><datafield tag="952" ind1="-" ind2="1"><subfield code="g">Cöllen</subfield></datafield><datafield tag="952" ind1="-" ind2="1"><subfield code="g">Cologne</subfield></datafield><datafield tag="952" ind1="-" ind2="1"><subfield code="g">Colonia ad Rhenum</subfield></datafield><datafield tag="952" ind1="-" ind2="1"><subfield code="g">Hansestadt Köln</subfield></datafield><datafield tag="952" ind1="-" ind2="1"><subfield code="g">Gross-Köln</subfield></datafield><datafield tag="952" ind1="-" ind2="1"><subfield code="g">Colonia Agrippina</subfield></datafield><datafield tag="952" ind1="-" ind2="1"><subfield code="g">Colonia Ubiorum</subfield></datafield><datafield tag="952" ind1="-" ind2="1"><subfield code="s">Arbeitssituation</subfield></datafield><datafield tag="952" ind1="-" ind2="1"><subfield code="s">Arbeit</subfield><subfield code="x">Bedingung</subfield></datafield><datafield tag="952" ind1="-" ind2="1"><subfield code="s">Arbeitsbedingung</subfield></datafield><datafield tag="088" ind1=" " ind2=" "><subfield code="a">Sol 1</subfield><subfield code="c">MA 3338/19</subfield><subfield code="e">keine ILL</subfield></datafield><datafield tag="088" ind1=" " ind2=" "><subfield code="a">5</subfield><subfield code="b">00000000</subfield><subfield code="c">W 2015/2920</subfield><subfield code="e">ILL Ausleihe</subfield></datafield><datafield tag="088" ind1=" " ind2=" "><subfield code="a">38</subfield><subfield code="b">00000001</subfield><subfield code="c">17B5040</subfield><subfield code="e">ILL Ausleihe</subfield></datafield><datafield tag="088" ind1=" " ind2=" "><subfield code="a">5/39</subfield><subfield code="b">00054000</subfield><subfield code="c">Gb 9130/650 (19)</subfield><subfield code="e">keine ILL</subfield></datafield><datafield tag="088" ind1=" " ind2=" "><subfield code="a">6</subfield><subfield code="c">3K 55857</subfield><subfield code="e">keine Angabe</subfield></datafield><datafield tag="088" ind1=" " ind2=" "><subfield code="a">Kn 28</subfield><subfield code="b">MAG</subfield><subfield code="c">Fbf 7122</subfield><subfield code="e">Normalausleihe</subfield></datafield><datafield tag="088" ind1=" " ind2=" "><subfield code="a">Sie 5</subfield><subfield code="c">82 = 9132</subfield><subfield code="e">keine Angabe</subfield></datafield></record></metadata></record></ListRecords></OAI-PMH>